@misc{illm_dfernafa,
  author = {David Santiago Fernandez Fandi√±o},
  title = {illm\_dfernafa},
  howpublished = {\url{https://github.com/davidfrdez/illm_dfernafa}},
  year = {2024},
  month = {novembre},
  note = {Codice sorgente di un modello di linguaggio di grandi dimensioni}
}